<?xml version="1.0" encoding="UTF-8"?><record xmlns="http://www.loc.gov/MARC21/slim" xmlns:cinclude="http://apache.org/cocoon/include/1.0" xmlns:zs="http://www.loc.gov/zing/srw/">
  <leader>00361nz  a2200121n  4500</leader>
  <controlfield tag="001">n  86118176 </controlfield>
  <controlfield tag="003">DLC</controlfield>
  <controlfield tag="005">19870820095705.6</controlfield>
  <controlfield tag="008">870701n| acannaab|          |n aaa |||  </controlfield>
  <datafield tag="010" ind1=" " ind2=" ">
    <subfield code="a">n  86118176 </subfield>
  </datafield>
  <datafield tag="040" ind1=" " ind2=" ">
    <subfield code="a">DLC</subfield>
    <subfield code="c">DLC</subfield>
    <subfield code="d">DLC</subfield>
  </datafield>
  <datafield tag="100" ind1="1" ind2="0">
    <subfield code="a">Ganzmann, Jochen,</subfield>
    <subfield code="d">1955-</subfield>
  </datafield>
  <datafield tag="670" ind1=" " ind2=" ">
    <subfield code="a">His Vorbereitung der Moderne, c1986:</subfield>
    <subfield code="b">t.p. (Jochen Ganzmann) p. 274 (b. 1955 in Elsenfeld/Main)</subfield>
  </datafield>
</record>